@article{GPRM,
  author    = "Tousimojarad, Ashkan and Vanderbauwhede, Wim",
  year      = "2013",
  title     = {{The Glasgow Parallel Reduction Machine: Programming Shared-memory Many-core Systems using Parallel Task Composition}},
  journal    = "Electronic Proceedings in Theoretical Computer Science",
  volume    = "137",
  pages     = "79-94",
}


@article{cilk++,
 author = {Leiserson, Charles E.},
 title = {{The Cilk++ Concurrency Platform}},
 journal = {The Journal Of Supercomputing},
 volume = {51},
 number = {3},
 month = {March},
 year = {2010},
 pages = {244--257},
 publisher = {Kluwer Academic Publishers},
 address = {Hingham, MA, USA},
} 

@Misc{cilk,
title = {{Cilk Plus Tutorial}},
howpublished = {\url{https://www.cilkplus.org/cilk-plus-tutorial/}},
note = {Accessed: 2015-03-15}
}

@Misc{cilkarray,
title = {{Cilk Plus Array Notation}},
howpublished = {\url{https://www.cilkplus.org/tutorial-array-notation}},
note = {Accessed: 2015-03-15}
}

@Misc{cilkfaq,
title ={{Cilk Plus FAQ}},
howpublished = {\url{https://www.cilkplus.org/faq}},
note = {Accessed: 2015-03-15}
}

@Misc{cilkfor,
title = {{{Cilk Plus \textit{cilkfor} documentation}}},
howpublished = 
    {\url{https://software.intel.com/sites/products/documentation/doclib/iss/2013/compiler/cpp-lin/GUID-ABF330B0-FEDA-43CD-9393-48CD6A43063C.htm}},
note = {Accessed: 2015-03-15}
}


@article{openmp,
    Author = {Dagum, Leonardo and Menon, Ramesh},
    Journal = {Computational Science \& Engineering, IEEE},
    Number = {1},
    Pages = {46--55},
    Publisher = {IEEE},
    Title = {{OpenMP: an industry standard API for shared-memory programming}},
    Volume = {5},
    Year = {1998}
}


@article{openmp3,
 author = {Ayguad{\'e}, Eduard and Copty, Nawal and Duran, Alejandro and Hoeflinger, Jay and Lin, Yuan and Massaioli, Federico and Teruel, Xavier and Unnikrishnan, Priya and Zhang, Guansong},
 title = {{The Design of OpenMP Tasks}},
 journal = {IEEE Transactions. Parallel Distributed Systems},
 volume = {20},
 number = {3},
 year = {2009},
 pages = {404--418},
 publisher = {IEEE Press},
}

@Misc{openmptraps,
author = {Alexy Kolosov and Evgeniy Ryzhkov and Andrey Karpov},
title = {{32 OpenMP traps for C++ developers}},
howpublished = {\url{https://software.intel.com/en-us/articles/32-openmp-traps-for-c-developers}},
note = {Accessed: 2015-03-15}
}

@article{tbb,
 author = {Pheatt, Chuck},
 title = {{Intel\textregistered{} Threading Building Blocks}},
 journal = {J. Comput. Sci. Coll.},
 volume = {23},
 number = {4},
 year = {2008},
 pages = {298--298},
} 


@inproceedings{tbbschedule,
  author = {Gilberto Contreras and Margaret Martonosi},
  title = {{Characterizing and Improving the Performance of Intel Threading Building Blocks}},
  booktitle = {Proceedings of the 2008 International Symposium on Workload Characterization},
  year = {2008},
}


@Misc{tbbbenefits,
title = {{Intel Thread Building Blocks Benefits}},
howpublished = {\url{https://software.intel.com/en-us/node/506043}},
note = {Accessed: 2015-03-15}
}


@article{wool,
 author = {Fax{\'e}n, Karl-Filip},
 title = {Wool-A Work Stealing Library},
 journal = {SIGARCH Computer Architecture News},
 volume = {36},
 number = {5},
 year = {2009},
 pages = {93--100},
} 


@book{halting,
    pages = {70--71},
    publisher = {Dover},
    author = {Martin Davis},
    title = {Computability \& Unsolvability},
    year = {1958},
    note = {ISBN 978048661471}
}


@TECHREPORT{parsec,
author      = {Daan Leijen and Erik Meijer},
title       = {{Parsec: Direct Style Monadic Parser Combinators for the Real World}},
institution = {Department of Computer Science, Universiteit Utrecht},
number      = {UU-CS-2001-27},
year        = 2001
}


@Misc{cabal,
title = {{The Haskell Cabal}},
howpublished = {\url{https://www.haskell.org/cabal/}},
note ={Accessed: 2015-03-11}
}

@Misc{hunit,
title = {{HUnit website}},
howpublished = {\url{http://hunit.sourceforge.net/}},
note = {Accessed: 2015-03-18}
}


@Misc{hpc,
title = {{Haskell Program Coverage toolkit user guide}},
howpublished = {\url{https://downloads.haskell.org/~ghc/latest/docs/html/users_guide/hpc.html}},
note = {Accessed: 2015-03-18}
}

@article{sccp,
  author = {Mark N. Wegman and F. Kenneth Zadeck},
  title = {{Constant propagation with conditional branches}},
  journal = {ACM Transactions on Programming Languages and Systems},
  volume = {13},
  number = {2},
  pages = {181--210},
  year = {1991},
  publisher = {ACM Press},
  url = {http://doi.acm.org/10.1145/103135.103136}
}


@article{brandis94,
  author = {Marc M. Brandis and Hanspeter M\"{o}ssenb\"{o}ck},
  title = {{Single-pass generation of static single-assignment form for
                  structured languages}},
  journal = {ACM Transactions on Programming Languages and Systems},
  volume = {16},
  number = {6},
  year = {1994},
  pages = {1684--1698},
  url = {http://doi.acm.org/10.1145/197320.197331}
}


@book{optimize,
  Author = {Steven Muchnick},
  Title = {{Advanced Compiler Design and Implementation}},
  Publisher = {Morgan Kaufmann},
  Year = {1997},
  note = {ISBN 1558603204}
}


@article{GPRMBench,
  author    = "Tousimojarad, Ashkan and Vanderbauwhede, Wim",
  title     = {{Number of Tasks, not Threads, is Key}},
  journal    = "in Parallel, Distributed, and Network-Based Processing (PDP). IEEE 23rd Euromicro International Conference on. At
                Turku, Finland",
}


@Misc{yaml,
title = {{YAML website}},
howpublished = {\url{http://yaml.org/}},
note = {Accessed: 2015-03-18}
}
